@MISC {BibTexOnlineEditor,
    author       = "Peder L책ng Skeidsvoll",
    title        = "BibTex Online Editor",
    howpublished = "\url{http://truben.no/latex/bibtex/}",
    year         = "2016",
    note         = "Abgerufen 2016-07-04. Achtung, manuelle Anpassung erforderlich: Die Monatsk체rzel d체rfen nicht in Anf체hrungszeichen oder geschweifte Klammern eingeschlossen werden."
}